@inproceedings{Andrade2022,
  title     = {IoT-Based Sounding Rocket Telemetry System},
  url       = {http://dx.doi.org/10.1109/SIoT56383.2022.10070203},
  doi       = {10.1109/siot56383.2022.10070203},
  booktitle = {2022 Symposium on Internet of Things (SIoT)},
  publisher = {IEEE},
  author    = {Andrade,  Rodrigo and Moraes,  Alison and Motta,  Felipe},
  year      = {2022},
  month     = oct
}

@inproceedings{Ma2024,
  title     = {Applying LoRa Communication Technology to UAV Telemetry System and Payload Design},
  url       = {http://dx.doi.org/10.1109/iWEM59914.2024.10649330},
  doi       = {10.1109/iwem59914.2024.10649330},
  booktitle = {2024 IEEE International Workshop on Electromagnetics: Applications and Student Innovation Competition (iWEM)},
  publisher = {IEEE},
  author    = {Ma,  Yen-Huai and Lee,  Kuan-Hsun and Shieh,  Tzong-Hann and Yeh,  Chun-Liang and Lin,  Hsien-Sheng},
  year      = {2024},
  month     = jul
}

@inproceedings{Brzynska2023,
  title     = {A Localisation and Telemetry LoRa Node for Rockets},
  url       = {http://dx.doi.org/10.23919/SoftCOM58365.2023.10271597},
  doi       = {10.23919/softcom58365.2023.10271597},
  booktitle = {2023 International Conference on Software,  Telecommunications and Computer Networks (SoftCOM)},
  publisher = {IEEE},
  author    = {Brzynska,  Marta and Klimaszewski,  Krzysztof and Martin,  Krzysztof},
  year      = {2023},
  month     = sep
}

@article{Misbahuddin2022,
  title     = {LoRa SV611-Based Communication System To Monitor Behaviour of Rocket Using Inertial Measurement Unit Sensor},
  volume    = {5},
  issn      = {2654-4644},
  url       = {http://dx.doi.org/10.31258/ijeepse.5.2.30-36},
  doi       = {10.31258/ijeepse.5.2.30-36},
  number    = {2},
  journal   = {International Journal of Electrical,  Energy and Power System Engineering},
  publisher = {Lembaga Penelitian dan Pengabdian kepada Masyarakat Universitas Riau},
  author    = {Misbahuddin,  Misbahuddin and Taufik,  Muhamat and Suksmadana,  I Made Budi},
  year      = {2022},
  month     = jun
}

@book{seibert2006history,
  title     = {The history of sounding rockets and their contribution to European space research},
  url       = {https://buschdorf.eu/liens/cache/HSR_38.pdf},
  author    = {Seibert, G{\"u}nther and Battrick, Bruce T},
  year      = {2006},
  publisher = {ESA Publications division Noordwijk}
}

@article{10609524,
  author   = {Maleki, Alireza and Nguyen, Ha H. and Bedeer, Ebrahim and Barton, Robert},
  journal  = {IEEE Open Journal of the Communications Society},
  title    = {A Tutorial on Chirp Spread Spectrum Modulation for LoRaWAN: Basics and Key Advances},
  year     = {2024},
  volume   = {5},
  number   = {},
  pages    = {4578-4612},
  keywords = {Modulation;LoRaWAN;Internet of Things;Tutorials;Frequency modulation;Chirp;Surveys;Chirp spread spectrum (CSS);Internet of Things (IoT);long-range wide area network (LoRaWAN);low-power wide area network (LPWAN);spreading factor (SF)},
  doi      = {10.1109/OJCOMS.2024.3433502}
}

@misc{10150/666950,
  year      = {2022},
  journal   = {International Telemetering Conference Proceedings},
  author    = {Francois, Thomas and Montano, Thomas},
  issn      = {1546-2188},
  title     = {Design of a Radio Telemetry System for Use by University Rocket Teams},
  publisher = {International Foundation for Telemetering},
  url       = {http://hdl.handle.net/10150/666950}
}

@inproceedings{inproceedings,
  author = {de Almeida Souza, Gabriel and Barbosa, Larissa and Ramalho, GlÃªnio and Guarato, Alexandre},
  year   = {2019},
  month  = {01},
  pages  = {},
  title  = {LOW COST REAL TIME ROCKET TELEMETRY SYSTEM DESIGN},
  doi    = {10.26678/ABCM.COBEM2019.COB2019-1585}
}

@inproceedings{lombardozzo2017development,
  title     = {Development of an experimental telemetry system},
  author    = {Lombardozzo, Sim{\'o}n Mart{\'\i}n and Rodr{\'\i}guez, Santiago and Roncagliolo, Pedro Agust{\'\i}n},
  booktitle = {Congreso Argentino de Sistemas Embebidos (CASE)(Universidad de Buenos Aires, 9 al 11 de agosto de 2017)},
  year      = {2017}
}

@article{muchiri2024implementation,
  title     = {Implementation of Message Queuing Telemetry Transport Protocol in Model Rocket},
  author    = {Muchiri, I Ngethe and Kiplimo, Yator C and Aoki, Shohei},
  year      = {2024},
  publisher = {JKUAT-COETEC}
}

@misc{10150/626955,
  year      = {2017},
  journal   = {International Telemetering Conference Proceedings},
  author    = {Kitchen, Seth and Klinger, Daniel},
  issn      = {0884-5123},
  title     = {TELEMETRY SYSTEM FOR INTERCOLLEGIATE ROCKET ENGINEERING COMPETITION VEHICLE},
  publisher = {International Foundation for Telemetering},
  url       = {http://hdl.handle.net/10150/626955}
}